@IEEEtranBSTCTL{IEEEexample:BSTcontrol,
CTLuse_forced_etal       = "yes",
CTLmax_names_forced_etal = "3",
CTLnames_show_etal       = "2"
}
@book{InfH,
address = {M\"{u}nchen -- Wien},
author = {Rechenberg, Peter and Pomberger, Gustav and Blaschek, G\"{u}nther and Bode, Arndt and Bohn, Wilhelm Friedrich and Borrmann, Lothar and Buchberger, Bruno},
edition = {4th},
publisher = {Hanser Verlag},
title = {{Informatik Handbuch}},
year = {2006}
}
@misc{APCW2006,
note = {letzter Zugriff am 23.05.2021},
author = {{Association for Progressive Communications}},
title = {{Wireless technology is irreplaceable for providing access in remote and scarcely populated regions}},
url = {http://www.apc.org/en/news/strategic/world/wireless-technology-irreplaceable-providing-access},
year = {2006}
}

@misc{Backend_Basics,
    note = {letzter Zugriff am 26.10.2023},
    title = {Was ist ein Backend?},
    url = {https://bsh-ag.de/it-wissensdatenbank/backend/},
}

@misc{Backend_JavaScript,
    note = {letzter Zugriff am 26.10.2023},
    title = {JavaScript For Backend Development: An Introduction},
    author = {Roger Winter},
    year = {21.6.2023},
    url = {https://blog.hubspot.com/website/java-backend},
}

@misc{Nest_js_Controller_Architektur,
    note = {letzter Zugriff am 27.10.2023},
    title = {Controllers | NestJS - A progressive Node.js framework},
    url = {https://docs.nestjs.com/controllers},
}

@misc{Nest_js_logo,
    note = {letzter Zugriff am 27.10.2023},
    title = {Nestjs: Building Efficient, Scalable Node.js Web Applications}},
    url = {https://javascript.plainenglish.io/nestjs-building-efficient-scalable-node-js-web-applications-52d37f068d3d},
}

@misc{Nest_js_Controllers,
    note = {letzter Zugriff am 27.10.2023},
    title = {Controllers | NestJS - A progressive Node.js framework},
    url = {https://docs.nestjs.com/controllers},
}

@misc{Nest_js_Introduction,
    note = {letzter Zugriff am 27.10.2023},
    title = {Documentation | NestJS - A progressive Node.js framework},
    url = {https://docs.nestjs.com/},
}

@misc{Nest_js_Pros_Cons,
    note = {letzter Zugriff am 27.10.2023},
    title = {Was ist Nest.js? Ein Blick auf das leichtgewichtige JavaScript-Framework},
    year= {13.9.2023},
    url = {https://kinsta.com/de/wissensdatenbank/nestjs/},
}
